@misc{web:ILSVRC,
  author = {ILSVRC},
  title = {ImageNet Large Scale Visual Recognition Challenge (ILSVRC)},
  year = {2012},
  note = {developed by ImageNet},
  howpublished = {\url{"https://image-net.org/challenges/LSVRC/index.php"}}
}

@inproceedings{lecun1989,
  title={Handwritten Digit Recognition with a Back-Propagation Network},
  author={LeCun, Yann and Boser, Bernhard and Denker, John S and Henderson, Don and Howard, Richard E and Hubbard, Wayne and Jackel, Lawrence D},
  booktitle={Advances in Neural Information Processing Systems 2 (NIPS 1989)},
  year={1990},
  organization={Morgan Kaufmann Publishers Inc.},
  pages={396--404}
}

@inproceedings{krizhevsky2012ImageNet,
  title={ImageNet Classification with Deep Convolutional Neural Networks},
  author={Krizhevsky, Alex and Sutskever, Ilya and Hinton, Geoffrey E},
  booktitle={Advances in Neural Information Processing Systems 25 (NIPS 2012)},
  year={2012},
  organization={Curran Associates, Inc.},
  pages={1097--1105}
}

@misc{web:chatgpt,
  author = {OpenAI},
  title = {ChatGPT},
  year = {2022},
  note = {developed by openAI},
  howpublished = {\url{"https://openai.com/blog/chatgpt/"}}
}

@misc{web:python,
  author = {Guido van Rossum},
  title = {Python},
  year = {1991},
  note = {Python Software Foundation},
  howpublished = {\url{https://www.python.org/}}
}

@misc{web:juypter,
  author = {Fernando PÃ©rez},
  title = {Juypter Notebook},
  year = {2012},
  note = {born from IPython project},
  howpublished = {\url{https://jupyter.org/}}
}

@misc{web:googlecolab,
  author = {Google Research Team},
  title = {Google Colab},
  year = {2018},
  howpublished = {\url{https://colab.research.google.com/}}
}

@misc{web:VScode,
  author = {Microsoft},
  title = {Visual Studio Code},
  year = {2015},
  note = {cross-platform code editor},
  howpublished = {\url{https://code.visualstudio.com/}}
}

@misc{web:myoYouTube,
  author = {Myo Thida},
  title = {{Free source to learn Python, Machine Learning and Deep Learning},
  year = {2022},
  note = {Free source to learn Python Programming},
  howpublished = {\url{https://www.youtube.com/@drmyothida}}
}
