@misc{web:ILSVRC,
  author = {ILSVRC},
  title = {ImageNet Large Scale Visual Recognition Challenge (ILSVRC)},
  year = {2012},
  note = {developed by ImageNet},
  howpublished = {\url{"https://image-net.org/challenges/LSVRC/index.php"}}
}

@misc{web:CoCo,
  author = {Tsung-Yi Lin and Michael Maire and Serge Belongie and Lubomir Bourdev and Ross Girshick and
  James Hays and Pietro Perona and Deva Ramanan and C. Lawrence Zitnick and Piotr Dollár},
  title = {Microsoft COCO: Common Objects in Context},
  year = {2014},
  note = {developed by Microsoft},
  howpublished = {\url{"https://cocodataset.org/"}}
}

@misc{web:Pascal,
  author = {PASCAL VOC Consortium},
  title = {The PASCAL Visual Object Classes},
  year = {2007},
  note = {developed by Oxford},
  howpublished = {\url{"http://host.robots.ox.ac.uk/pascal/VOC/"}}
}

@misc{web:OpenImage,
  author = {Alina Kuznetsova and Hassan Rom and Neil Alldrin and Jasper Uijlings and Ivan Krasin and Jordi Pont-Tuset and Shahab Kamali and
Stefan Popov and Matteo Malloci and Alexander Kolesnikov andTom Duerig and Vittorio Ferrari},
  title = {The Open Images Dataset V4: Unified image classification, object detection, and visual relationship detection at scale},
  year = {2018},
  note = {developed by Google},
  howpublished = {\url{"https://doi.org/10.48550/arXiv.1811.00982"}}
}

@misc{web:cvDatasets,
  author = {Papers with Code team (Meta AI Research)},
  title = {Papers with Code},
  year = {2014},
  note = {developed by Meta AI Research},
  howpublished = {\url{"https://paperswithcode.com/datasets"}}
}



@inproceedings{lecun1989,
  title={Handwritten Digit Recognition with a Back-Propagation Network},
  author={LeCun Yann and Boser, Bernhard and Denker, John S and Henderson, Don and Howard, Richard E and Hubbard, Wayne and Jackel, Lawrence D},
  booktitle={Advances in Neural Information Processing Systems 2 (NIPS 1989)},
  year={1990},
  organization={Morgan Kaufmann Publishers Inc.},
  pages={396--404}
}

@inproceedings{krizhevsky2012ImageNet,
  title={ImageNet Classification with Deep Convolutional Neural Networks},
  author={Krizhevsky, Alex and Sutskever, Ilya and Hinton, Geoffrey E},
  booktitle={Advances in Neural Information Processing Systems 25 (NIPS 2012)},
  year={2012},
  organization={Curran Associates, Inc.},
  pages={1097--1105}
}

@misc{web:chatgpt,
  author = {OpenAI},
  title = {ChatGPT},
  year = {2022},
  note = {developed by openAI},
  howpublished = {\url{"https://openai.com/blog/chatgpt/"}}
}

@misc{web:python,
  author = {Guido van Rossum},
  title = {Python},
  year = {1991},
  note = {Python Software Foundation},
  howpublished = {\url{https://www.python.org/}}
}

@misc{web:jupyter,
  author = {Fernando Pérez},
  title = {Jupyter Notebook},
  year = {2012},
  note = {born from IPython project},
  howpublished = {\url{https://jupyter.org/}}
}

@misc{web:googlecolab,
  author = {Google Research Team},
  title = {Google Colab},
  year = {2018},
  howpublished = {\url{https://colab.research.google.com/}}
}

@misc{web:VScode,
  author = {Microsoft},
  title = {Visual Studio Code},
  year = {2015},
  note = {cross-platform code editor},
  howpublished = {\url{https://code.visualstudio.com/}}
}

@misc{web:myoYouTube,
  author = {Myo Thida},
  title = {Free source to learn Python, Machine Learning and Deep Learning},
  year = {2022},
  note = {Free source to learn Python Programming},
  howpublished = {\url{https://www.youtube.com/@drmyothida}}
}

@misc{web:pyTorch,
  author = {Meta AI},
  title = {phTorch: Open source machine learning library used for developing and training neural network based deep learning models},
  year = {2016},
  note = {open-source deep learning framework},
  howpublished = {\url{https://pytorch.org/}}
}

@misc{web:TensorFlow,
  author = {Google},
  title = {TensorFlow: An end-to-end platform for machine learning},
  year = {2017},
  note = {open-source deep learning framework},
  howpublished = {\url{https://www.tensorflow.org/}}
}

@misc{web:Keras,
  author = {François Chollet (ONEIROS (Open-ended Neuro-Electronic Intelligent Robot Operating System))},
  title = {Keras: A deep learning API written in Python.},
  year = {2015},
  note = {Keras (κέρας) means horn in ancient Greek.},
  howpublished = {\url{https://keras.io/}}
}

@misc{web:NNSVG,
  author = {Alexandre Lenail},
  title = {Neural Network SVG },
  year = {2015},
  howpublished = {\url{"https://alexlenail.me/NN-SVG/index.html"}}
}

@misc{web:SGdata,
  author = {Government Technology Agency of Singapore},
  title = {Open Government Products },
  year = {2024},
  howpublished = {\url{"https://beta.data.gov.sg/"}}
}

@misc{web:HDBdata,
  author = {Housing Development Board},
  title = {HDB Resale Price Index },
  year = {2024},
  howpublished = {\url{"https://www.hdb.gov.sg/residential/selling-a-flat/overview/resale-statistics"}}
}

@misc{web:MIMU,
  author = {Myanmar Information Management Unit (MIMU) Resource Centre},
  title = {Place codes (Pcodes)},
  year = {2024},
  howpublished = {\url{"http://themimu.info/"}}
}

@misc{web:NNLatex,
  author = {Haris Iqbal.},
  title = {Latex Code for drawing Neural Network.},
  year = {2020},
  howpublished = {\url{"https://github.com/HarisIqbal88/PlotNeuralNet"}}
}

@misc{web:NNDiagrams,
  author = {Kenneth Leung.},
  title = {Neural-Network-Architecture-Diagrams.},
  year = {2021},
  howpublished = {\url{"https://github.com/kennethleungty/Neural-Network-Architecture-Diagrams.git"}}
}
 
@misc{web:mnist,
  author = {Yann LeCun and L. Bottou and Y. Bengio and P. Haffner.},
  title = {MNIST Dataset},
  year = {1998},
  howpublished = {\url{"http://yann.lecun.com/exdb/mnist/"}}
}

@misc{web:MSimgCreator,
  author = {Microsoft},
  title = {Microsoft Image Creator},
  year = {2024},
  howpublished = {\url{"https://designer.microsoft.com/image-creator"}}
}

@misc{web:MMdataset,
  author = {UTYCC-Data-and-Machine-Learning-Club},
  title = {Myanmar-My-Country-Datasets},
  year = {2019},
  howpublished = {\url{"https://github.com/UTYCC-Data-and-Machine-Learning-Club/myanmar-my-country-datasets.git"}}
}

@book{Goodfellow-et-al-2016,
    title={Deep Learning},
    author={Ian Goodfellow and Yoshua Bengio and Aaron Courville},
    publisher={MIT Press},
    note={\url{http://www.deeplearningbook.org}},
    year={2016}
}

@article{lecun2015deep,
  title={Deep learning},
  author={LeCun, Yann and Bengio, Yoshua and Hinton, Geoffrey},
  journal={Nature},
  volume={521},
  number={7553},
  pages={436--444},
  year={2015},
  publisher={Nature Publishing Group}
}

@inproceedings{AlexNet2012,
 author = {Krizhevsky, Alex and Sutskever, Ilya and Hinton, Geoffrey E},
 booktitle = {Advances in Neural Information Processing Systems},
 editor = {F. Pereira and C.J. Burges and L. Bottou and K.Q. Weinberger},
 pages = {},
 publisher = {Curran Associates, Inc.},
 title = {ImageNet Classification with Deep Convolutional Neural Networks},
 url = {https://proceedings.neurips.cc/paper_files/paper/2012/file/c399862d3b9d6b76c8436e924a68c45b-Paper.pdf},
 volume = {25},
 year = {2012}
}

@ARTICLE{VGGNet2014,
  author={Karen Simonyan and Andrew Zisserman},
  journal={ arXiv:1409.1556}, 
  title={Very deep convolutional networks for large-scale image recognition}, 
  year={2014},
  note={\url{ https://doi.org/10.48550/arXiv.1409.1556}}
}

@INPROCEEDINGS{GoogleNet2015,
  author={Szegedy, Christian and Wei Liu and Yangqing Jia and Sermanet, Pierre and Reed, 
  Scott and Anguelov, Dragomir and Erhan, Dumitru and Vanhoucke, Vincent and Rabinovich, Andrew},
  booktitle={2015 IEEE Conference on Computer Vision and Pattern Recognition (CVPR)}, 
  title={Going deeper with convolutions}, 
  year={2015},
  volume={},
  number={},
  pages={1-9},
  keywords={Computer architecture;Convolutional codes;Sparse matrices;Neural networks;Visualization;Object detection;Computer vision},
  doi={10.1109/CVPR.2015.7298594}}

@INPROCEEDINGS{ResNet_2016,
  author={He, Kaiming and Zhang, Xiangyu and Ren, Shaoqing and Sun, Jian},
  booktitle={2016 IEEE Conference on Computer Vision and Pattern Recognition (CVPR)}, 
  title={Deep Residual Learning for Image Recognition}, 
  year={2016},
  volume={},
  number={},
  pages={770-778},
  keywords={Training;Degradation;Complexity theory;Image recognition;Neural networks;Visualization;Image segmentation},
  doi={10.1109/CVPR.2016.90}}


@ARTICLE{CNNReview_2023,
  author={Amjoud, Ayoub Benali and Amrouch, Mustapha},
  journal={IEEE Access}, 
  title={Object Detection Using Deep Learning, CNNs and Vision Transformers: A Review}, 
  year={2023},
  volume={11},
  number={},
  pages={35479-35516},
  keywords={Object detection;Deep learning;Transformers;Feature extraction;Detectors;Convolutional neural networks;Visualization;Neural networks;Object detection;deep learning;review;convolutional neural networks;transformers;survey;neural networks},
  doi={10.1109/ACCESS.2023.3266093}}

