@misc{web:ILSVRC,
  author = {ILSVRC},
  title = {ImageNet Large Scale Visual Recognition Challenge (ILSVRC)},
  year = {2012},
  note = {developed by ImageNet},
  howpublished = {\url{"https://image-net.org/challenges/LSVRC/index.php"}}
}

@inproceedings{lecun1989,
  title={Handwritten Digit Recognition with a Back-Propagation Network},
  author={LeCun, Yann and Boser, Bernhard and Denker, John S and Henderson, Don and Howard, Richard E and Hubbard, Wayne and Jackel, Lawrence D},
  booktitle={Advances in Neural Information Processing Systems 2 (NIPS 1989)},
  year={1990},
  organization={Morgan Kaufmann Publishers Inc.},
  pages={396--404}
}

@inproceedings{krizhevsky2012ImageNet,
  title={ImageNet Classification with Deep Convolutional Neural Networks},
  author={Krizhevsky, Alex and Sutskever, Ilya and Hinton, Geoffrey E},
  booktitle={Advances in Neural Information Processing Systems 25 (NIPS 2012)},
  year={2012},
  organization={Curran Associates, Inc.},
  pages={1097--1105}
}
